<?xml version="1.0" encoding="UTF-8" standalone="yes"?>
<Document xmlns="urn:iso:std:iso:20022:tech:xsd:camt.053.001.02">
    <BkToCstmrStmt>
        <GrpHdr>
            <MsgId>227331700</MsgId>
            <CreDtTm>2021-08-04T04:09:08.448Z</CreDtTm>
            <MsgRcpt>
                <Nm>SAMPLECLIENT, INC.</Nm>
                <Id>
                    <OrgId>
                        <Othr>
                            <Id>sampleclient</Id>
                        </Othr>
                    </OrgId>
                </Id>
            </MsgRcpt>
        </GrpHdr>
        <Stmt>
            <Id>15110950</Id>
            <ElctrncSeqNb>1</ElctrncSeqNb>
            <LglSeqNb>1</LglSeqNb>
            <CreDtTm>2021-08-04T04:09:08.452Z</CreDtTm>
            <FrToDt>
                <FrDtTm>2021-08-03T00:00:00.000Z</FrDtTm>
                <ToDtTm>2021-08-03T23:59:59.000Z</ToDtTm>
            </FrToDt>
            <Acct>
                <Id>
                    <Othr>
                        <Id>106068381</Id>
                    </Othr>
                </Id>
                <Tp>
                    <Prtry>IBDA_DDA</Prtry>
                </Tp>
                <Ccy>USD</Ccy>
                <Nm>SC Beneficiary Investment Account</Nm>
                <Svcr>
                    <FinInstnId>
                        <BIC>GSCRUS30</BIC>
                        <Nm>Goldman Sachs Bank</Nm>
                    </FinInstnId>
                </Svcr>
            </Acct>
            <Bal>
                <Tp>
                    <CdOrPrtry>
                        <Cd>OPBD</Cd>
                    </CdOrPrtry>
                </Tp>
                <Amt Ccy="USD">999707.06</Amt>
                <CdtDbtInd>CRDT</CdtDbtInd>
                <Dt>
                    <DtTm>2021-08-02T23:59:00.000Z</DtTm>
                </Dt>
            </Bal>
            <Bal>
                <Tp>
                    <CdOrPrtry>
                        <Cd>CLBD</Cd>
                    </CdOrPrtry>
                </Tp>
                <Amt Ccy="USD">999707.06</Amt>
                <CdtDbtInd>CRDT</CdtDbtInd>
                <Dt>
                    <DtTm>2021-08-03T23:59:00.000Z</DtTm>
                </Dt>
            </Bal>
        </Stmt>
        <Stmt>
            <Id>15111000</Id>
            <ElctrncSeqNb>2</ElctrncSeqNb>
            <LglSeqNb>2</LglSeqNb>
            <CreDtTm>2021-08-04T04:09:10.259Z</CreDtTm>
            <FrToDt>
                <FrDtTm>2021-08-03T00:00:00.000Z</FrDtTm>
                <ToDtTm>2021-08-03T23:59:59.000Z</ToDtTm>
            </FrToDt>
            <Acct>
                <Id>
                    <Othr>
                        <Id>105084986</Id>
                    </Othr>
                </Id>
                <Tp>
                    <Prtry>IBDA_DDA</Prtry>
                </Tp>
                <Ccy>USD</Ccy>
                <Nm>SC Corporate Account</Nm>
                <Svcr>
                    <FinInstnId>
                        <BIC>GSCRUS30</BIC>
                        <Nm>Goldman Sachs Bank</Nm>
                    </FinInstnId>
                </Svcr>
            </Acct>
            <Bal>
                <Tp>
                    <CdOrPrtry>
                        <Cd>OPBD</Cd>
                    </CdOrPrtry>
                </Tp>
                <Amt Ccy="USD">1007774.12</Amt>
                <CdtDbtInd>CRDT</CdtDbtInd>
                <Dt>
                    <DtTm>2021-08-02T23:59:00.000Z</DtTm>
                </Dt>
            </Bal>
            <Bal>
                <Tp>
                    <CdOrPrtry>
                        <Cd>CLBD</Cd>
                    </CdOrPrtry>
                </Tp>
                <Amt Ccy="USD">1007687.04</Amt>
                <CdtDbtInd>CRDT</CdtDbtInd>
                <Dt>
                    <DtTm>2021-08-03T23:59:00.000Z</DtTm>
                </Dt>
            </Bal>
            <TxsSummry>
                <TtlNtries>
                    <NbOfNtries>18</NbOfNtries>
                    <Sum>149.9600</Sum>
                    <TtlNetNtryAmt>87.0800</TtlNetNtryAmt>
                    <CdtDbtInd>DBIT</CdtDbtInd>
                </TtlNtries>
                <TtlCdtNtries>
                    <NbOfNtries>3</NbOfNtries>
                    <Sum>31.4400</Sum>
                </TtlCdtNtries>
                <TtlDbtNtries>
                    <NbOfNtries>15</NbOfNtries>
                    <Sum>118.5200</Sum>
                </TtlDbtNtries>
            </TxsSummry>
            <Ntry>
                <NtryRef>5432051</NtryRef>
                <Amt Ccy="USD">2.50</Amt>
                <CdtDbtInd>DBIT</CdtDbtInd>
                <RvslInd>false</RvslInd>
                <Sts>BOOK</Sts>
                <BookgDt>
                    <DtTm>2021-08-03T23:17:58.000Z</DtTm>
                </BookgDt>
                <ValDt>
                    <Dt>2021-08-03</Dt>
                </ValDt>
                <BkTxCd>
                    <Domn>
                        <Cd>PMNT</Cd>
                        <Fmly>
                            <Cd>ICDT</Cd>
                            <SubFmlyCd>BOOK</SubFmlyCd>
                        </Fmly>
                    </Domn>
                    <Prtry>
                        <Cd>Transfer</Cd>
                    </Prtry>
                </BkTxCd>
                <NtryDtls>
                    <TxDtls>
                        <Refs>
                            <MsgId>AUG0320212317SIN</MsgId>
                            <AcctSvcrRef>GI2121500000406</AcctSvcrRef>
                            <PmtInfId>AUG0320212317SIN1</PmtInfId>
                            <EndToEndId>AUG0320212317SIN11</EndToEndId>
                            <TxId>GI2121500000406</TxId>
                        </Refs>
                        <AmtDtls>
                            <InstdAmt>
                                <Amt Ccy="USD">2.50</Amt>
                            </InstdAmt>
                            <TxAmt>
                                <Amt Ccy="USD">2.50</Amt>
                            </TxAmt>
                        </AmtDtls>
                        <RltdPties>
                            <Cdtr>
                                <Nm>GOLDMAN SACHS BANK USA</Nm>
                            </Cdtr>
                            <CdtrAcct>
                                <Id>
                                    <Othr>
                                        <Id>101153270</Id>
                                    </Othr>
                                </Id>
                            </CdtrAcct>
                        </RltdPties>
                        <RltdAgts>
                            <CdtrAgt>
                                <FinInstnId>
                                    <BIC>GSCRUS30XXX</BIC>
                                </FinInstnId>
                            </CdtrAgt>
                        </RltdAgts>
                        <Purp>
                            <Prtry>Book Transfer</Prtry>
                        </Purp>
                        <RmtInf>
                            <Ustrd>USD Payment from USD account</Ustrd>
                        </RmtInf>
                    </TxDtls>
                </NtryDtls>
            </Ntry>
            <Ntry>
                <NtryRef>5432101</NtryRef>
                <Amt Ccy="USD">2.50</Amt>
                <CdtDbtInd>DBIT</CdtDbtInd>
                <RvslInd>false</RvslInd>
                <Sts>BOOK</Sts>
                <BookgDt>
                    <DtTm>2021-08-03T22:17:53.000Z</DtTm>
                </BookgDt>
                <ValDt>
                    <Dt>2021-08-03</Dt>
                </ValDt>
                <BkTxCd>
                    <Domn>
                        <Cd>PMNT</Cd>
                        <Fmly>
                            <Cd>ICDT</Cd>
                            <SubFmlyCd>BOOK</SubFmlyCd>
                        </Fmly>
                    </Domn>
                    <Prtry>
                        <Cd>Transfer</Cd>
                    </Prtry>
                </BkTxCd>
                <NtryDtls>
                    <TxDtls>
                        <Refs>
                            <MsgId>AUG0320212216SIN</MsgId>
                            <AcctSvcrRef>GI2121500000405</AcctSvcrRef>
                            <PmtInfId>AUG0320212216SIN1</PmtInfId>
                            <EndToEndId>AUG0320212216SIN11</EndToEndId>
                            <TxId>GI2121500000405</TxId>
                        </Refs>
                        <AmtDtls>
                            <InstdAmt>
                                <Amt Ccy="USD">2.50</Amt>
                            </InstdAmt>
                            <TxAmt>
                                <Amt Ccy="USD">2.50</Amt>
                            </TxAmt>
                        </AmtDtls>
                        <RltdPties>
                            <Cdtr>
                                <Nm>GOLDMAN SACHS BANK USA</Nm>
                            </Cdtr>
                            <CdtrAcct>
                                <Id>
                                    <Othr>
                                        <Id>101153270</Id>
                                    </Othr>
                                </Id>
                            </CdtrAcct>
                        </RltdPties>
                        <RltdAgts>
                            <CdtrAgt>
                                <FinInstnId>
                                    <BIC>GSCRUS30XXX</BIC>
                                </FinInstnId>
                            </CdtrAgt>
                        </RltdAgts>
                        <Purp>
                            <Prtry>Book Transfer</Prtry>
                        </Purp>
                        <RmtInf>
                            <Ustrd>USD Payment from USD account</Ustrd>
                        </RmtInf>
                    </TxDtls>
                </NtryDtls>
            </Ntry>
            <Ntry>
                <NtryRef>5432151</NtryRef>
                <Amt Ccy="USD">2.50</Amt>
                <CdtDbtInd>DBIT</CdtDbtInd>
                <RvslInd>false</RvslInd>
                <Sts>BOOK</Sts>
                <BookgDt>
                    <DtTm>2021-08-03T21:17:50.000Z</DtTm>
                </BookgDt>
                <ValDt>
                    <Dt>2021-08-03</Dt>
                </ValDt>
                <BkTxCd>
                    <Domn>
                        <Cd>PMNT</Cd>
                        <Fmly>
                            <Cd>ICDT</Cd>
                            <SubFmlyCd>BOOK</SubFmlyCd>
                        </Fmly>
                    </Domn>
                    <Prtry>
                        <Cd>Transfer</Cd>
                    </Prtry>
                </BkTxCd>
                <NtryDtls>
                    <TxDtls>
                        <Refs>
                            <MsgId>AUG0320212116SIN</MsgId>
                            <AcctSvcrRef>GI2121500000404</AcctSvcrRef>
                            <PmtInfId>AUG0320212116SIN1</PmtInfId>
                            <EndToEndId>AUG0320212116SIN11</EndToEndId>
                            <TxId>GI2121500000404</TxId>
                        </Refs>
                        <AmtDtls>
                            <InstdAmt>
                                <Amt Ccy="USD">2.50</Amt>
                            </InstdAmt>
                            <TxAmt>
                                <Amt Ccy="USD">2.50</Amt>
                            </TxAmt>
                        </AmtDtls>
                        <RltdPties>
                            <Cdtr>
                                <Nm>GOLDMAN SACHS BANK USA</Nm>
                            </Cdtr>
                            <CdtrAcct>
                                <Id>
                                    <Othr>
                                        <Id>101153270</Id>
                                    </Othr>
                                </Id>
                            </CdtrAcct>
                        </RltdPties>
                        <RltdAgts>
                            <CdtrAgt>
                                <FinInstnId>
                                    <BIC>GSCRUS30XXX</BIC>
                                </FinInstnId>
                            </CdtrAgt>
                        </RltdAgts>
                        <Purp>
                            <Prtry>Book Transfer</Prtry>
                        </Purp>
                        <RmtInf>
                            <Ustrd>USD Payment from USD account</Ustrd>
                        </RmtInf>
                    </TxDtls>
                </NtryDtls>
            </Ntry>
            <Ntry>
                <NtryRef>5432201</NtryRef>
                <Amt Ccy="USD">2.50</Amt>
                <CdtDbtInd>DBIT</CdtDbtInd>
                <RvslInd>false</RvslInd>
                <Sts>BOOK</Sts>
                <BookgDt>
                    <DtTm>2021-08-03T20:17:45.000Z</DtTm>
                </BookgDt>
                <ValDt>
                    <Dt>2021-08-03</Dt>
                </ValDt>
                <BkTxCd>
                    <Domn>
                        <Cd>PMNT</Cd>
                        <Fmly>
                            <Cd>ICDT</Cd>
                            <SubFmlyCd>BOOK</SubFmlyCd>
                        </Fmly>
                    </Domn>
                    <Prtry>
                        <Cd>Transfer</Cd>
                    </Prtry>
                </BkTxCd>
                <NtryDtls>
                    <TxDtls>
                        <Refs>
                            <MsgId>AUG0320212016SIN</MsgId>
                            <AcctSvcrRef>GI2121500000403</AcctSvcrRef>
                            <PmtInfId>AUG0320212016SIN1</PmtInfId>
                            <EndToEndId>AUG0320212016SIN11</EndToEndId>
                            <TxId>GI2121500000403</TxId>
                        </Refs>
                        <AmtDtls>
                            <InstdAmt>
                                <Amt Ccy="USD">2.50</Amt>
                            </InstdAmt>
                            <TxAmt>
                                <Amt Ccy="USD">2.50</Amt>
                            </TxAmt>
                        </AmtDtls>
                        <RltdPties>
                            <Cdtr>
                                <Nm>GOLDMAN SACHS BANK USA</Nm>
                            </Cdtr>
                            <CdtrAcct>
                                <Id>
                                    <Othr>
                                        <Id>101153270</Id>
                                    </Othr>
                                </Id>
                            </CdtrAcct>
                        </RltdPties>
                        <RltdAgts>
                            <CdtrAgt>
                                <FinInstnId>
                                    <BIC>GSCRUS30XXX</BIC>
                                </FinInstnId>
                            </CdtrAgt>
                        </RltdAgts>
                        <Purp>
                            <Prtry>Book Transfer</Prtry>
                        </Purp>
                        <RmtInf>
                            <Ustrd>USD Payment from USD account</Ustrd>
                        </RmtInf>
                    </TxDtls>
                </NtryDtls>
            </Ntry>
            <Ntry>
                <NtryRef>5432251</NtryRef>
                <Amt Ccy="USD">2.50</Amt>
                <CdtDbtInd>DBIT</CdtDbtInd>
                <RvslInd>false</RvslInd>
                <Sts>BOOK</Sts>
                <BookgDt>
                    <DtTm>2021-08-03T19:17:41.000Z</DtTm>
                </BookgDt>
                <ValDt>
                    <Dt>2021-08-03</Dt>
                </ValDt>
                <BkTxCd>
                    <Domn>
                        <Cd>PMNT</Cd>
                        <Fmly>
                            <Cd>ICDT</Cd>
                            <SubFmlyCd>BOOK</SubFmlyCd>
                        </Fmly>
                    </Domn>
                    <Prtry>
                        <Cd>Transfer</Cd>
                    </Prtry>
                </BkTxCd>
                <NtryDtls>
                    <TxDtls>
                        <Refs>
                            <MsgId>AUG0320211916SIN</MsgId>
                            <AcctSvcrRef>GI2121500000402</AcctSvcrRef>
                            <PmtInfId>AUG0320211916SIN1</PmtInfId>
                            <EndToEndId>AUG0320211916SIN11</EndToEndId>
                            <TxId>GI2121500000402</TxId>
                        </Refs>
                        <AmtDtls>
                            <InstdAmt>
                                <Amt Ccy="USD">2.50</Amt>
                            </InstdAmt>
                            <TxAmt>
                                <Amt Ccy="USD">2.50</Amt>
                            </TxAmt>
                        </AmtDtls>
                        <RltdPties>
                            <Cdtr>
                                <Nm>GOLDMAN SACHS BANK USA</Nm>
                            </Cdtr>
                            <CdtrAcct>
                                <Id>
                                    <Othr>
                                        <Id>101153270</Id>
                                    </Othr>
                                </Id>
                            </CdtrAcct>
                        </RltdPties>
                        <RltdAgts>
                            <CdtrAgt>
                                <FinInstnId>
                                    <BIC>GSCRUS30XXX</BIC>
                                </FinInstnId>
                            </CdtrAgt>
                        </RltdAgts>
                        <Purp>
                            <Prtry>Book Transfer</Prtry>
                        </Purp>
                        <RmtInf>
                            <Ustrd>USD Payment from USD account</Ustrd>
                        </RmtInf>
                    </TxDtls>
                </NtryDtls>
            </Ntry>
            <Ntry>
                <NtryRef>5432301</NtryRef>
                <Amt Ccy="USD">2.50</Amt>
                <CdtDbtInd>DBIT</CdtDbtInd>
                <RvslInd>false</RvslInd>
                <Sts>BOOK</Sts>
                <BookgDt>
                    <DtTm>2021-08-03T18:17:36.000Z</DtTm>
                </BookgDt>
                <ValDt>
                    <Dt>2021-08-03</Dt>
                </ValDt>
                <BkTxCd>
                    <Domn>
                        <Cd>PMNT</Cd>
                        <Fmly>
                            <Cd>ICDT</Cd>
                            <SubFmlyCd>BOOK</SubFmlyCd>
                        </Fmly>
                    </Domn>
                    <Prtry>
                        <Cd>Transfer</Cd>
                    </Prtry>
                </BkTxCd>
                <NtryDtls>
                    <TxDtls>
                        <Refs>
                            <MsgId>AUG0320211816SIN</MsgId>
                            <AcctSvcrRef>GI2121500000308</AcctSvcrRef>
                            <PmtInfId>AUG0320211816SIN1</PmtInfId>
                            <EndToEndId>AUG0320211816SIN11</EndToEndId>
                            <TxId>GI2121500000308</TxId>
                        </Refs>
                        <AmtDtls>
                            <InstdAmt>
                                <Amt Ccy="USD">2.50</Amt>
                            </InstdAmt>
                            <TxAmt>
                                <Amt Ccy="USD">2.50</Amt>
                            </TxAmt>
                        </AmtDtls>
                        <RltdPties>
                            <Cdtr>
                                <Nm>GOLDMAN SACHS BANK USA</Nm>
                            </Cdtr>
                            <CdtrAcct>
                                <Id>
                                    <Othr>
                                        <Id>101153270</Id>
                                    </Othr>
                                </Id>
                            </CdtrAcct>
                        </RltdPties>
                        <RltdAgts>
                            <CdtrAgt>
                                <FinInstnId>
                                    <BIC>GSCRUS30XXX</BIC>
                                </FinInstnId>
                            </CdtrAgt>
                        </RltdAgts>
                        <Purp>
                            <Prtry>Book Transfer</Prtry>
                        </Purp>
                        <RmtInf>
                            <Ustrd>USD Payment from USD account</Ustrd>
                        </RmtInf>
                    </TxDtls>
                </NtryDtls>
            </Ntry>
            <Ntry>
                <NtryRef>5432351</NtryRef>
                <Amt Ccy="USD">2.50</Amt>
                <CdtDbtInd>DBIT</CdtDbtInd>
                <RvslInd>false</RvslInd>
                <Sts>BOOK</Sts>
                <BookgDt>
                    <DtTm>2021-08-03T17:17:33.000Z</DtTm>
                </BookgDt>
                <ValDt>
                    <Dt>2021-08-03</Dt>
                </ValDt>
                <BkTxCd>
                    <Domn>
                        <Cd>PMNT</Cd>
                        <Fmly>
                            <Cd>ICDT</Cd>
                            <SubFmlyCd>BOOK</SubFmlyCd>
                        </Fmly>
                    </Domn>
                    <Prtry>
                        <Cd>Transfer</Cd>
                    </Prtry>
                </BkTxCd>
                <NtryDtls>
                    <TxDtls>
                        <Refs>
                            <MsgId>AUG0320211716SIN</MsgId>
                            <AcctSvcrRef>GI2121500000307</AcctSvcrRef>
                            <PmtInfId>AUG0320211716SIN1</PmtInfId>
                            <EndToEndId>AUG0320211716SIN11</EndToEndId>
                            <TxId>GI2121500000307</TxId>
                        </Refs>
                        <AmtDtls>
                            <InstdAmt>
                                <Amt Ccy="USD">2.50</Amt>
                            </InstdAmt>
                            <TxAmt>
                                <Amt Ccy="USD">2.50</Amt>
                            </TxAmt>
                        </AmtDtls>
                        <RltdPties>
                            <Cdtr>
                                <Nm>GOLDMAN SACHS BANK USA</Nm>
                            </Cdtr>
                            <CdtrAcct>
                                <Id>
                                    <Othr>
                                        <Id>101153270</Id>
                                    </Othr>
                                </Id>
                            </CdtrAcct>
                        </RltdPties>
                        <RltdAgts>
                            <CdtrAgt>
                                <FinInstnId>
                                    <BIC>GSCRUS30XXX</BIC>
                                </FinInstnId>
                            </CdtrAgt>
                        </RltdAgts>
                        <Purp>
                            <Prtry>Book Transfer</Prtry>
                        </Purp>
                        <RmtInf>
                            <Ustrd>USD Payment from USD account</Ustrd>
                        </RmtInf>
                    </TxDtls>
                </NtryDtls>
            </Ntry>
            <Ntry>
                <NtryRef>5432401</NtryRef>
                <Amt Ccy="USD">14.67</Amt>
                <CdtDbtInd>CRDT</CdtDbtInd>
                <RvslInd>false</RvslInd>
                <Sts>BOOK</Sts>
                <BookgDt>
                    <DtTm>2021-08-03T16:25:20.000Z</DtTm>
                </BookgDt>
                <ValDt>
                    <Dt>2021-08-03</Dt>
                </ValDt>
                <BkTxCd>
                    <Domn>
                        <Cd>PMNT</Cd>
                        <Fmly>
                            <Cd>RCDT</Cd>
                            <SubFmlyCd>DMCT</SubFmlyCd>
                        </Fmly>
                    </Domn>
                    <Prtry>
                        <Cd>Incoming Wire</Cd>
                    </Prtry>
                </BkTxCd>
                <NtryDtls>
                    <TxDtls>
                        <Refs>
                            <MsgId>20210803LTERMSO800000310171044FT01</MsgId>
                            <AcctSvcrRef>GI2121500000306</AcctSvcrRef>
                            <EndToEndId>20210803LTERMSO9000003</EndToEndId>
                            <TxId>GI2121500000306</TxId>
                            <ClrSysRef>20210803LTERMSO9000003</ClrSysRef>
                        </Refs>
                        <AmtDtls>
                            <InstdAmt>
                                <Amt Ccy="USD">14.67</Amt>
                            </InstdAmt>
                            <TxAmt>
                                <Amt Ccy="USD">14.67</Amt>
                            </TxAmt>
                        </AmtDtls>
                        <RltdPties>
                            <Dbtr>
                                <Nm>air001 incoming fedwire-USD</Nm>
                            </Dbtr>
                            <DbtrAcct>
                                <Id>
                                    <Othr>
                                        <Id>12345678</Id>
                                    </Othr>
                                </Id>
                                <Nm>air001 incoming fedwire-USD</Nm>
                            </DbtrAcct>
                        </RltdPties>
                        <RmtInf>
                            <Ustrd>Drawdown/I20050800000106</Ustrd>
                        </RmtInf>
                    </TxDtls>
                </NtryDtls>
            </Ntry>
            <Ntry>
                <NtryRef>5432451</NtryRef>
                <Amt Ccy="USD">2.50</Amt>
                <CdtDbtInd>DBIT</CdtDbtInd>
                <RvslInd>false</RvslInd>
                <Sts>BOOK</Sts>
                <BookgDt>
                    <DtTm>2021-08-03T16:17:29.000Z</DtTm>
                </BookgDt>
                <ValDt>
                    <Dt>2021-08-03</Dt>
                </ValDt>
                <BkTxCd>
                    <Domn>
                        <Cd>PMNT</Cd>
                        <Fmly>
                            <Cd>ICDT</Cd>
                            <SubFmlyCd>BOOK</SubFmlyCd>
                        </Fmly>
                    </Domn>
                    <Prtry>
                        <Cd>Transfer</Cd>
                    </Prtry>
                </BkTxCd>
                <NtryDtls>
                    <TxDtls>
                        <Refs>
                            <MsgId>AUG0320211616SIN</MsgId>
                            <AcctSvcrRef>GI2121500000305</AcctSvcrRef>
                            <PmtInfId>AUG0320211616SIN1</PmtInfId>
                            <EndToEndId>AUG0320211616SIN11</EndToEndId>
                            <TxId>GI2121500000305</TxId>
                        </Refs>
                        <AmtDtls>
                            <InstdAmt>
                                <Amt Ccy="USD">2.50</Amt>
                            </InstdAmt>
                            <TxAmt>
                                <Amt Ccy="USD">2.50</Amt>
                            </TxAmt>
                        </AmtDtls>
                        <RltdPties>
                            <Cdtr>
                                <Nm>GOLDMAN SACHS BANK USA</Nm>
                            </Cdtr>
                            <CdtrAcct>
                                <Id>
                                    <Othr>
                                        <Id>101153270</Id>
                                    </Othr>
                                </Id>
                            </CdtrAcct>
                        </RltdPties>
                        <RltdAgts>
                            <CdtrAgt>
                                <FinInstnId>
                                    <BIC>GSCRUS30XXX</BIC>
                                </FinInstnId>
                            </CdtrAgt>
                        </RltdAgts>
                        <Purp>
                            <Prtry>Book Transfer</Prtry>
                        </Purp>
                        <RmtInf>
                            <Ustrd>USD Payment from USD account</Ustrd>
                        </RmtInf>
                    </TxDtls>
                </NtryDtls>
            </Ntry>
            <Ntry>
                <NtryRef>5432501</NtryRef>
                <Amt Ccy="USD">15.98</Amt>
                <CdtDbtInd>CRDT</CdtDbtInd>
                <RvslInd>false</RvslInd>
                <Sts>BOOK</Sts>
                <BookgDt>
                    <DtTm>2021-08-03T16:13:40.000Z</DtTm>
                </BookgDt>
                <ValDt>
                    <Dt>2021-08-03</Dt>
                </ValDt>
                <BkTxCd>
                    <Domn>
                        <Cd>PMNT</Cd>
                        <Fmly>
                            <Cd>RCDT</Cd>
                            <SubFmlyCd>DMCT</SubFmlyCd>
                        </Fmly>
                    </Domn>
                    <Prtry>
                        <Cd>Incoming Wire</Cd>
                    </Prtry>
                </BkTxCd>
                <NtryDtls>
                    <TxDtls>
                        <Refs>
                            <MsgId>20210803B1QT432C00000105281044FT01</MsgId>
                            <AcctSvcrRef>GI2121500000304</AcctSvcrRef>
                            <EndToEndId>20210803B1QT432D000001</EndToEndId>
                            <TxId>GI2121500000304</TxId>
                            <ClrSysRef>20210803B1QT432D000001</ClrSysRef>
                        </Refs>
                        <AmtDtls>
                            <InstdAmt>
                                <Amt Ccy="USD">15.98</Amt>
                            </InstdAmt>
                            <TxAmt>
                                <Amt Ccy="USD">15.98</Amt>
                            </TxAmt>
                        </AmtDtls>
                        <RltdPties>
                            <Dbtr>
                                <Nm>US GCIVOE GDGAIDPVLQBPC XEBGYA</Nm>
                            </Dbtr>
                            <DbtrAcct>
                                <Id>
                                    <Othr>
                                        <Id>2H6PQ3</Id>
                                    </Othr>
                                </Id>
                                <Nm>US GCIVOE GDGAIDPVLQBPC XEBGYA</Nm>
                            </DbtrAcct>
                        </RltdPties>
                        <RltdAgts>
                            <DbtrAgt>
                                <FinInstnId>
                                    <Othr>
                                        <Id>026001422</Id>
                                    </Othr>
                                </FinInstnId>
                            </DbtrAgt>
                        </RltdAgts>
                        <RmtInf>
                            <Ustrd>OBI LINE ONE</Ustrd>
                            <Ustrd>OBI LINE2</Ustrd>
                        </RmtInf>
                    </TxDtls>
                </NtryDtls>
            </Ntry>
            <Ntry>
                <NtryRef>5432551</NtryRef>
                <Amt Ccy="USD">2.50</Amt>
                <CdtDbtInd>DBIT</CdtDbtInd>
                <RvslInd>false</RvslInd>
                <Sts>BOOK</Sts>
                <BookgDt>
                    <DtTm>2021-08-03T15:17:27.000Z</DtTm>
                </BookgDt>
                <ValDt>
                    <Dt>2021-08-03</Dt>
                </ValDt>
                <BkTxCd>
                    <Domn>
                        <Cd>PMNT</Cd>
                        <Fmly>
                            <Cd>ICDT</Cd>
                            <SubFmlyCd>BOOK</SubFmlyCd>
                        </Fmly>
                    </Domn>
                    <Prtry>
                        <Cd>Transfer</Cd>
                    </Prtry>
                </BkTxCd>
                <NtryDtls>
                    <TxDtls>
                        <Refs>
                            <MsgId>AUG0320211516SIN</MsgId>
                            <AcctSvcrRef>GI2121500000303</AcctSvcrRef>
                            <PmtInfId>AUG0320211516SIN1</PmtInfId>
                            <EndToEndId>AUG0320211516SIN11</EndToEndId>
                            <TxId>GI2121500000303</TxId>
                        </Refs>
                        <AmtDtls>
                            <InstdAmt>
                                <Amt Ccy="USD">2.50</Amt>
                            </InstdAmt>
                            <TxAmt>
                                <Amt Ccy="USD">2.50</Amt>
                            </TxAmt>
                        </AmtDtls>
                        <RltdPties>
                            <Cdtr>
                                <Nm>GOLDMAN SACHS BANK USA</Nm>
                            </Cdtr>
                            <CdtrAcct>
                                <Id>
                                    <Othr>
                                        <Id>101153270</Id>
                                    </Othr>
                                </Id>
                            </CdtrAcct>
                        </RltdPties>
                        <RltdAgts>
                            <CdtrAgt>
                                <FinInstnId>
                                    <BIC>GSCRUS30XXX</BIC>
                                </FinInstnId>
                            </CdtrAgt>
                        </RltdAgts>
                        <Purp>
                            <Prtry>Book Transfer</Prtry>
                        </Purp>
                        <RmtInf>
                            <Ustrd>USD Payment from USD account</Ustrd>
                        </RmtInf>
                    </TxDtls>
                </NtryDtls>
            </Ntry>
            <Ntry>
                <NtryRef>5432601</NtryRef>
                <Amt Ccy="USD">2.50</Amt>
                <CdtDbtInd>DBIT</CdtDbtInd>
                <RvslInd>false</RvslInd>
                <Sts>BOOK</Sts>
                <BookgDt>
                    <DtTm>2021-08-03T14:17:22.000Z</DtTm>
                </BookgDt>
                <ValDt>
                    <Dt>2021-08-03</Dt>
                </ValDt>
                <BkTxCd>
                    <Domn>
                        <Cd>PMNT</Cd>
                        <Fmly>
                            <Cd>ICDT</Cd>
                            <SubFmlyCd>BOOK</SubFmlyCd>
                        </Fmly>
                    </Domn>
                    <Prtry>
                        <Cd>Transfer</Cd>
                    </Prtry>
                </BkTxCd>
                <NtryDtls>
                    <TxDtls>
                        <Refs>
                            <MsgId>AUG0320211416SIN</MsgId>
                            <AcctSvcrRef>GI2121500000020</AcctSvcrRef>
                            <PmtInfId>AUG0320211416SIN1</PmtInfId>
                            <EndToEndId>AUG0320211416SIN11</EndToEndId>
                            <TxId>GI2121500000020</TxId>
                        </Refs>
                        <AmtDtls>
                            <InstdAmt>
                                <Amt Ccy="USD">2.50</Amt>
                            </InstdAmt>
                            <TxAmt>
                                <Amt Ccy="USD">2.50</Amt>
                            </TxAmt>
                        </AmtDtls>
                        <RltdPties>
                            <Cdtr>
                                <Nm>GOLDMAN SACHS BANK USA</Nm>
                            </Cdtr>
                            <CdtrAcct>
                                <Id>
                                    <Othr>
                                        <Id>101153270</Id>
                                    </Othr>
                                </Id>
                            </CdtrAcct>
                        </RltdPties>
                        <RltdAgts>
                            <CdtrAgt>
                                <FinInstnId>
                                    <BIC>GSCRUS30XXX</BIC>
                                </FinInstnId>
                            </CdtrAgt>
                        </RltdAgts>
                        <Purp>
                            <Prtry>Book Transfer</Prtry>
                        </Purp>
                        <RmtInf>
                            <Ustrd>USD Payment from USD account</Ustrd>
                        </RmtInf>
                    </TxDtls>
                </NtryDtls>
            </Ntry>
            <Ntry>
                <NtryRef>5432651</NtryRef>
                <Amt Ccy="USD">2.50</Amt>
                <CdtDbtInd>DBIT</CdtDbtInd>
                <RvslInd>false</RvslInd>
                <Sts>BOOK</Sts>
                <BookgDt>
                    <DtTm>2021-08-03T13:17:17.000Z</DtTm>
                </BookgDt>
                <ValDt>
                    <Dt>2021-08-03</Dt>
                </ValDt>
                <BkTxCd>
                    <Domn>
                        <Cd>PMNT</Cd>
                        <Fmly>
                            <Cd>ICDT</Cd>
                            <SubFmlyCd>BOOK</SubFmlyCd>
                        </Fmly>
                    </Domn>
                    <Prtry>
                        <Cd>Transfer</Cd>
                    </Prtry>
                </BkTxCd>
                <NtryDtls>
                    <TxDtls>
                        <Refs>
                            <MsgId>AUG0320211316SIN</MsgId>
                            <AcctSvcrRef>GI2121500000216</AcctSvcrRef>
                            <PmtInfId>AUG0320211316SIN1</PmtInfId>
                            <EndToEndId>AUG0320211316SIN11</EndToEndId>
                            <TxId>GI2121500000216</TxId>
                        </Refs>
                        <AmtDtls>
                            <InstdAmt>
                                <Amt Ccy="USD">2.50</Amt>
                            </InstdAmt>
                            <TxAmt>
                                <Amt Ccy="USD">2.50</Amt>
                            </TxAmt>
                        </AmtDtls>
                        <RltdPties>
                            <Cdtr>
                                <Nm>GOLDMAN SACHS BANK USA</Nm>
                            </Cdtr>
                            <CdtrAcct>
                                <Id>
                                    <Othr>
                                        <Id>101153270</Id>
                                    </Othr>
                                </Id>
                            </CdtrAcct>
                        </RltdPties>
                        <RltdAgts>
                            <CdtrAgt>
                                <FinInstnId>
                                    <BIC>GSCRUS30XXX</BIC>
                                </FinInstnId>
                            </CdtrAgt>
                        </RltdAgts>
                        <Purp>
                            <Prtry>Book Transfer</Prtry>
                        </Purp>
                        <RmtInf>
                            <Ustrd>USD Payment from USD account</Ustrd>
                        </RmtInf>
                    </TxDtls>
                </NtryDtls>
            </Ntry>
            <Ntry>
                <NtryRef>5432701</NtryRef>
                <Amt Ccy="USD">72.50</Amt>
                <CdtDbtInd>DBIT</CdtDbtInd>
                <RvslInd>false</RvslInd>
                <Sts>BOOK</Sts>
                <BookgDt>
                    <DtTm>2021-08-03T11:20:01.000Z</DtTm>
                </BookgDt>
                <ValDt>
                    <Dt>2021-08-03</Dt>
                </ValDt>
                <BkTxCd>
                    <Domn>
                        <Cd>PMNT</Cd>
                        <Fmly>
                            <Cd>ICDT</Cd>
                            <SubFmlyCd>ACDT</SubFmlyCd>
                        </Fmly>
                    </Domn>
                    <Prtry>
                        <Cd>ACH Credit Payment</Cd>
                    </Prtry>
                </BkTxCd>
                <NtryDtls>
                    <TxDtls>
                        <Refs>
                            <MsgId>air001_20210803_A_TESTMARC</MsgId>
                            <AcctSvcrRef>GPB2121501122213</AcctSvcrRef>
                            <PmtInfId>air001210803A0000001</PmtInfId>
                            <TxId>GPB2121501122213</TxId>
                        </Refs>
                        <AmtDtls>
                            <InstdAmt>
                                <Amt Ccy="USD">72.50</Amt>
                            </InstdAmt>
                            <TxAmt>
                                <Amt Ccy="USD">72.50</Amt>
                            </TxAmt>
                        </AmtDtls>
                        <RltdPties/>
                        <Purp>
                            <Prtry>PAYROLL</Prtry>
                        </Purp>
                        <AddtlTxInf>SEC Code: CCD</AddtlTxInf>
                    </TxDtls>
                </NtryDtls>
            </Ntry>
            <Ntry>
                <NtryRef>5432751</NtryRef>
                <Amt Ccy="USD">0.79</Amt>
                <CdtDbtInd>CRDT</CdtDbtInd>
                <RvslInd>true</RvslInd>
                <Sts>BOOK</Sts>
                <BookgDt>
                    <DtTm>2021-08-03T11:20:01.000Z</DtTm>
                </BookgDt>
                <ValDt>
                    <Dt>2021-08-03</Dt>
                </ValDt>
                <BkTxCd>
                    <Domn>
                        <Cd>PMNT</Cd>
                        <Fmly>
                            <Cd>ICDT</Cd>
                            <SubFmlyCd>ARET</SubFmlyCd>
                        </Fmly>
                    </Domn>
                    <Prtry>
                        <Cd>ACH Credit Reject</Cd>
                    </Prtry>
                </BkTxCd>
                <NtryDtls>
                    <TxDtls>
                        <Refs>
                            <MsgId>1061090003_20210803_B_PENTST02</MsgId>
                            <AcctSvcrRef>GB2121500000131</AcctSvcrRef>
                            <PmtInfId>1061090003210803B0000001</PmtInfId>
                            <InstrId>EB/GS/TxCT11</InstrId>
                            <EndToEndId>026015070000009</EndToEndId>
                            <TxId>GB2121500000131</TxId>
                        </Refs>
                        <AmtDtls>
                            <InstdAmt>
                                <Amt Ccy="USD">0.79</Amt>
                            </InstdAmt>
                            <TxAmt>
                                <Amt Ccy="USD">0.79</Amt>
                            </TxAmt>
                        </AmtDtls>
                        <Purp>
                            <Prtry>BILLPMT</Prtry>
                        </Purp>
                        <RmtInf>
                            <Ustrd>Addenda Record for EB/GS/TxCT01</Ustrd>
                        </RmtInf>
                        <RtrInf>
                            <AddtlInf>Status changed to REJECTED : REJECT REVERSAL</AddtlInf>
                        </RtrInf>
                        <AddtlTxInf>SEC Code: CCD</AddtlTxInf>
                    </TxDtls>
                </NtryDtls>
            </Ntry>
            <Ntry>
                <NtryRef>5432801</NtryRef>
                <Amt Ccy="USD">1.40</Amt>
                <CdtDbtInd>DBIT</CdtDbtInd>
                <RvslInd>false</RvslInd>
                <Sts>BOOK</Sts>
                <BookgDt>
                    <DtTm>2021-08-03T11:20:01.000Z</DtTm>
                </BookgDt>
                <ValDt>
                    <Dt>2021-08-03</Dt>
                </ValDt>
                <BkTxCd>
                    <Domn>
                        <Cd>PMNT</Cd>
                        <Fmly>
                            <Cd>ICDT</Cd>
                            <SubFmlyCd>ACDT</SubFmlyCd>
                        </Fmly>
                    </Domn>
                    <Prtry>
                        <Cd>ACH Credit Payment</Cd>
                    </Prtry>
                </BkTxCd>
                <NtryDtls>
                    <TxDtls>
                        <Refs>
                            <MsgId>1061090003_20210803_B_PENTST02</MsgId>
                            <AcctSvcrRef>GPB2121501122211</AcctSvcrRef>
                            <PmtInfId>1061090003210803B0000001</PmtInfId>
                            <TxId>GPB2121501122211</TxId>
                        </Refs>
                        <AmtDtls>
                            <InstdAmt>
                                <Amt Ccy="USD">1.40</Amt>
                            </InstdAmt>
                            <TxAmt>
                                <Amt Ccy="USD">1.40</Amt>
                            </TxAmt>
                        </AmtDtls>
                        <RltdPties/>
                        <Purp>
                            <Prtry>BILLPMT</Prtry>
                        </Purp>
                        <AddtlTxInf>SEC Code: CCD</AddtlTxInf>
                    </TxDtls>
                </NtryDtls>
            </Ntry>
            <Ntry>
                <NtryRef>5432851</NtryRef>
                <Amt Ccy="USD">16.01</Amt>
                <CdtDbtInd>DBIT</CdtDbtInd>
                <RvslInd>false</RvslInd>
                <Sts>BOOK</Sts>
                <BookgDt>
                    <DtTm>2021-08-03T11:19:06.000Z</DtTm>
                </BookgDt>
                <ValDt>
                    <Dt>2021-08-03</Dt>
                </ValDt>
                <BkTxCd>
                    <Domn>
                        <Cd>PMNT</Cd>
                        <Fmly>
                            <Cd>ICDT</Cd>
                            <SubFmlyCd>BOOK</SubFmlyCd>
                        </Fmly>
                    </Domn>
                    <Prtry>
                        <Cd>Transfer</Cd>
                    </Prtry>
                </BkTxCd>
                <NtryDtls>
                    <TxDtls>
                        <Refs>
                            <MsgId>GSWJ73SVQBR</MsgId>
                            <AcctSvcrRef>GI2121500000214</AcctSvcrRef>
                            <PmtInfId>testAM-6901</PmtInfId>
                            <EndToEndId>GSBDCNBJVB0MEK</EndToEndId>
                            <TxId>GI2121500000214</TxId>
                        </Refs>
                        <AmtDtls>
                            <InstdAmt>
                                <Amt Ccy="USD">16.01</Amt>
                            </InstdAmt>
                            <TxAmt>
                                <Amt Ccy="USD">16.01</Amt>
                            </TxAmt>
                        </AmtDtls>
                        <RltdPties>
                            <Cdtr>
                                <Nm>GOLDMAN SACHS BANK USA</Nm>
                            </Cdtr>
                            <CdtrAcct>
                                <Id>
                                    <Othr>
                                        <Id>101152931</Id>
                                    </Othr>
                                </Id>
                            </CdtrAcct>
                        </RltdPties>
                        <RltdAgts>
                            <CdtrAgt>
                                <FinInstnId>
                                    <BIC>GSCRUS30XXX</BIC>
                                </FinInstnId>
                            </CdtrAgt>
                        </RltdAgts>
                        <Purp>
                            <Prtry>Book Transfer</Prtry>
                        </Purp>
                        <RmtInf>
                            <Ustrd>air001 Book Transfer</Ustrd>
                        </RmtInf>
                    </TxDtls>
                </NtryDtls>
            </Ntry>
            <Ntry>
                <NtryRef>5432901</NtryRef>
                <Amt Ccy="USD">1.11</Amt>
                <CdtDbtInd>DBIT</CdtDbtInd>
                <RvslInd>false</RvslInd>
                <Sts>BOOK</Sts>
                <BookgDt>
                    <DtTm>2021-08-03T11:19:05.000Z</DtTm>
                </BookgDt>
                <ValDt>
                    <Dt>2021-08-03</Dt>
                </ValDt>
                <BkTxCd>
                    <Domn>
                        <Cd>PMNT</Cd>
                        <Fmly>
                            <Cd>ICDT</Cd>
                            <SubFmlyCd>DMCT</SubFmlyCd>
                        </Fmly>
                    </Domn>
                    <Prtry>
                        <Cd>Outgoing Wire</Cd>
                    </Prtry>
                </BkTxCd>
                <NtryDtls>
                    <TxDtls>
                        <Refs>
                            <MsgId>GSBUBTUDJO4</MsgId>
                            <AcctSvcrRef>GI2121500000133</AcctSvcrRef>
                            <PmtInfId>testAM-12820</PmtInfId>
                            <EndToEndId>GSX4HNKJPY7</EndToEndId>
                            <TxId>GI2121500000133</TxId>
                            <ClrSysRef>20210803MMQFMCU7000003</ClrSysRef>
                        </Refs>
                        <AmtDtls>
                            <InstdAmt>
                                <Amt Ccy="USD">1.11</Amt>
                            </InstdAmt>
                            <TxAmt>
                                <Amt Ccy="USD">1.11</Amt>
                            </TxAmt>
                        </AmtDtls>
                        <RltdPties>
                            <Cdtr>
                                <Nm>GOLDMAN SACHS BANK USA</Nm>
                            </Cdtr>
                            <CdtrAcct>
                                <Id>
                                    <Othr>
                                        <Id>4412345678</Id>
                                    </Othr>
                                </Id>
                            </CdtrAcct>
                        </RltdPties>
                        <RltdAgts>
                            <CdtrAgt>
                                <FinInstnId>
                                    <BIC>CITIUS33</BIC>
                                </FinInstnId>
                            </CdtrAgt>
                        </RltdAgts>
                        <Purp>
                            <Prtry>Book Transfer</Prtry>
                        </Purp>
                        <RmtInf>
                            <Ustrd>air001 - FedWire</Ustrd>
                        </RmtInf>
                    </TxDtls>
                </NtryDtls>
            </Ntry>
        </Stmt>
        <Stmt>
            <Id>15111050</Id>
            <ElctrncSeqNb>3</ElctrncSeqNb>
            <LglSeqNb>3</LglSeqNb>
            <CreDtTm>2021-08-04T04:09:10.334Z</CreDtTm>
            <FrToDt>
                <FrDtTm>2021-08-03T00:00:00.000Z</FrDtTm>
                <ToDtTm>2021-08-03T23:59:59.000Z</ToDtTm>
            </FrToDt>
            <Acct>
                <Id>
                    <Othr>
                        <Id>102135982</Id>
                    </Othr>
                </Id>
                <Tp>
                    <Prtry>IBDA_DDA</Prtry>
                </Tp>
                <Ccy>USD</Ccy>
                <Nm>SC Beneficiary Overnight Account</Nm>
                <Svcr>
                    <FinInstnId>
                        <BIC>GSCRUS30</BIC>
                        <Nm>Goldman Sachs Bank</Nm>
                    </FinInstnId>
                </Svcr>
            </Acct>
            <Bal>
                <Tp>
                    <CdOrPrtry>
                        <Cd>OPBD</Cd>
                    </CdOrPrtry>
                </Tp>
                <Amt Ccy="USD">1500017.64</Amt>
                <CdtDbtInd>CRDT</CdtDbtInd>
                <Dt>
                    <DtTm>2021-08-02T23:59:00.000Z</DtTm>
                </Dt>
            </Bal>
            <Bal>
                <Tp>
                    <CdOrPrtry>
                        <Cd>CLBD</Cd>
                    </CdOrPrtry>
                </Tp>
                <Amt Ccy="USD">1500017.64</Amt>
                <CdtDbtInd>CRDT</CdtDbtInd>
                <Dt>
                    <DtTm>2021-08-03T23:59:00.000Z</DtTm>
                </Dt>
            </Bal>
        </Stmt>
        <Stmt>
            <Id>15111100</Id>
            <ElctrncSeqNb>4</ElctrncSeqNb>
            <LglSeqNb>4</LglSeqNb>
            <CreDtTm>2021-08-04T04:09:11.789Z</CreDtTm>
            <FrToDt>
                <FrDtTm>2021-08-03T00:00:00.000Z</FrDtTm>
                <ToDtTm>2021-08-03T23:59:59.000Z</ToDtTm>
            </FrToDt>
            <Acct>
                <Id>
                    <Othr>
                        <Id>101153270</Id>
                    </Othr>
                </Id>
                <Tp>
                    <Prtry>IBDA_DDA</Prtry>
                </Tp>
                <Ccy>USD</Ccy>
                <Nm>SC Beneficiary Disbursement Account</Nm>
                <Svcr>
                    <FinInstnId>
                        <BIC>GSCRUS30</BIC>
                        <Nm>Goldman Sachs Bank</Nm>
                    </FinInstnId>
                </Svcr>
            </Acct>
            <Bal>
                <Tp>
                    <CdOrPrtry>
                        <Cd>OPBD</Cd>
                    </CdOrPrtry>
                </Tp>
                <Amt Ccy="USD">1562921.41</Amt>
                <CdtDbtInd>CRDT</CdtDbtInd>
                <Dt>
                    <DtTm>2021-08-02T23:59:00.000Z</DtTm>
                </Dt>
            </Bal>
            <Bal>
                <Tp>
                    <CdOrPrtry>
                        <Cd>CLBD</Cd>
                    </CdOrPrtry>
                </Tp>
                <Amt Ccy="USD">1562948.91</Amt>
                <CdtDbtInd>CRDT</CdtDbtInd>
                <Dt>
                    <DtTm>2021-08-03T23:59:00.000Z</DtTm>
                </Dt>
            </Bal>
            <TxsSummry>
                <TtlNtries>
                    <NbOfNtries>11</NbOfNtries>
                    <Sum>27.5000</Sum>
                    <TtlNetNtryAmt>27.5000</TtlNetNtryAmt>
                    <CdtDbtInd>CRDT</CdtDbtInd>
                </TtlNtries>
                <TtlCdtNtries>
                    <NbOfNtries>11</NbOfNtries>
                    <Sum>27.5000</Sum>
                </TtlCdtNtries>
                <TtlDbtNtries>
                    <NbOfNtries>0</NbOfNtries>
                    <Sum>0.0000</Sum>
                </TtlDbtNtries>
            </TxsSummry>
            <Ntry>
                <NtryRef>5432951</NtryRef>
                <Amt Ccy="USD">2.50</Amt>
                <CdtDbtInd>CRDT</CdtDbtInd>
                <RvslInd>false</RvslInd>
                <Sts>BOOK</Sts>
                <BookgDt>
                    <DtTm>2021-08-03T23:17:58.000Z</DtTm>
                </BookgDt>
                <ValDt>
                    <Dt>2021-08-03</Dt>
                </ValDt>
                <BkTxCd>
                    <Domn>
                        <Cd>PMNT</Cd>
                        <Fmly>
                            <Cd>RCDT</Cd>
                            <SubFmlyCd>BOOK</SubFmlyCd>
                        </Fmly>
                    </Domn>
                    <Prtry>
                        <Cd>Transfer</Cd>
                    </Prtry>
                </BkTxCd>
                <NtryDtls>
                    <TxDtls>
                        <Refs>
                            <MsgId>AUG0320212317SIN</MsgId>
                            <AcctSvcrRef>GI2121500000406</AcctSvcrRef>
                            <PmtInfId>AUG0320212317SIN1</PmtInfId>
                            <EndToEndId>AUG0320212317SIN11</EndToEndId>
                            <TxId>GI2121500000406</TxId>
                        </Refs>
                        <AmtDtls>
                            <InstdAmt>
                                <Amt Ccy="USD">2.50</Amt>
                            </InstdAmt>
                            <TxAmt>
                                <Amt Ccy="USD">2.50</Amt>
                            </TxAmt>
                        </AmtDtls>
                        <RltdPties>
                            <Dbtr>
                                <Nm>SAMPLECLIENT, INC.</Nm>
                            </Dbtr>
                            <DbtrAcct>
                                <Id>
                                    <Othr>
                                        <Id>105084986</Id>
                                    </Othr>
                                </Id>
                                <Nm>SAMPLECLIENT, INC.</Nm>
                            </DbtrAcct>
                        </RltdPties>
                        <RltdAgts>
                            <DbtrAgt>
                                <FinInstnId>
                                    <BIC>GSCRUS30</BIC>
                                </FinInstnId>
                            </DbtrAgt>
                        </RltdAgts>
                        <Purp>
                            <Prtry>Book Transfer</Prtry>
                        </Purp>
                        <RmtInf>
                            <Ustrd>USD Payment from USD account</Ustrd>
                        </RmtInf>
                    </TxDtls>
                </NtryDtls>
            </Ntry>
            <Ntry>
                <NtryRef>5433001</NtryRef>
                <Amt Ccy="USD">2.50</Amt>
                <CdtDbtInd>CRDT</CdtDbtInd>
                <RvslInd>false</RvslInd>
                <Sts>BOOK</Sts>
                <BookgDt>
                    <DtTm>2021-08-03T22:17:53.000Z</DtTm>
                </BookgDt>
                <ValDt>
                    <Dt>2021-08-03</Dt>
                </ValDt>
                <BkTxCd>
                    <Domn>
                        <Cd>PMNT</Cd>
                        <Fmly>
                            <Cd>RCDT</Cd>
                            <SubFmlyCd>BOOK</SubFmlyCd>
                        </Fmly>
                    </Domn>
                    <Prtry>
                        <Cd>Transfer</Cd>
                    </Prtry>
                </BkTxCd>
                <NtryDtls>
                    <TxDtls>
                        <Refs>
                            <MsgId>AUG0320212216SIN</MsgId>
                            <AcctSvcrRef>GI2121500000405</AcctSvcrRef>
                            <PmtInfId>AUG0320212216SIN1</PmtInfId>
                            <EndToEndId>AUG0320212216SIN11</EndToEndId>
                            <TxId>GI2121500000405</TxId>
                        </Refs>
                        <AmtDtls>
                            <InstdAmt>
                                <Amt Ccy="USD">2.50</Amt>
                            </InstdAmt>
                            <TxAmt>
                                <Amt Ccy="USD">2.50</Amt>
                            </TxAmt>
                        </AmtDtls>
                        <RltdPties>
                            <Dbtr>
                                <Nm>SAMPLECLIENT, INC.</Nm>
                            </Dbtr>
                            <DbtrAcct>
                                <Id>
                                    <Othr>
                                        <Id>105084986</Id>
                                    </Othr>
                                </Id>
                                <Nm>SAMPLECLIENT, INC.</Nm>
                            </DbtrAcct>
                        </RltdPties>
                        <RltdAgts>
                            <DbtrAgt>
                                <FinInstnId>
                                    <BIC>GSCRUS30</BIC>
                                </FinInstnId>
                            </DbtrAgt>
                        </RltdAgts>
                        <Purp>
                            <Prtry>Book Transfer</Prtry>
                        </Purp>
                        <RmtInf>
                            <Ustrd>USD Payment from USD account</Ustrd>
                        </RmtInf>
                    </TxDtls>
                </NtryDtls>
            </Ntry>
            <Ntry>
                <NtryRef>5433051</NtryRef>
                <Amt Ccy="USD">2.50</Amt>
                <CdtDbtInd>CRDT</CdtDbtInd>
                <RvslInd>false</RvslInd>
                <Sts>BOOK</Sts>
                <BookgDt>
                    <DtTm>2021-08-03T21:17:50.000Z</DtTm>
                </BookgDt>
                <ValDt>
                    <Dt>2021-08-03</Dt>
                </ValDt>
                <BkTxCd>
                    <Domn>
                        <Cd>PMNT</Cd>
                        <Fmly>
                            <Cd>RCDT</Cd>
                            <SubFmlyCd>BOOK</SubFmlyCd>
                        </Fmly>
                    </Domn>
                    <Prtry>
                        <Cd>Transfer</Cd>
                    </Prtry>
                </BkTxCd>
                <NtryDtls>
                    <TxDtls>
                        <Refs>
                            <MsgId>AUG0320212116SIN</MsgId>
                            <AcctSvcrRef>GI2121500000404</AcctSvcrRef>
                            <PmtInfId>AUG0320212116SIN1</PmtInfId>
                            <EndToEndId>AUG0320212116SIN11</EndToEndId>
                            <TxId>GI2121500000404</TxId>
                        </Refs>
                        <AmtDtls>
                            <InstdAmt>
                                <Amt Ccy="USD">2.50</Amt>
                            </InstdAmt>
                            <TxAmt>
                                <Amt Ccy="USD">2.50</Amt>
                            </TxAmt>
                        </AmtDtls>
                        <RltdPties>
                            <Dbtr>
                                <Nm>SAMPLECLIENT, INC.</Nm>
                            </Dbtr>
                            <DbtrAcct>
                                <Id>
                                    <Othr>
                                        <Id>105084986</Id>
                                    </Othr>
                                </Id>
                                <Nm>SAMPLECLIENT, INC.</Nm>
                            </DbtrAcct>
                        </RltdPties>
                        <RltdAgts>
                            <DbtrAgt>
                                <FinInstnId>
                                    <BIC>GSCRUS30</BIC>
                                </FinInstnId>
                            </DbtrAgt>
                        </RltdAgts>
                        <Purp>
                            <Prtry>Book Transfer</Prtry>
                        </Purp>
                        <RmtInf>
                            <Ustrd>USD Payment from USD account</Ustrd>
                        </RmtInf>
                    </TxDtls>
                </NtryDtls>
            </Ntry>
            <Ntry>
                <NtryRef>5433101</NtryRef>
                <Amt Ccy="USD">2.50</Amt>
                <CdtDbtInd>CRDT</CdtDbtInd>
                <RvslInd>false</RvslInd>
                <Sts>BOOK</Sts>
                <BookgDt>
                    <DtTm>2021-08-03T20:17:45.000Z</DtTm>
                </BookgDt>
                <ValDt>
                    <Dt>2021-08-03</Dt>
                </ValDt>
                <BkTxCd>
                    <Domn>
                        <Cd>PMNT</Cd>
                        <Fmly>
                            <Cd>RCDT</Cd>
                            <SubFmlyCd>BOOK</SubFmlyCd>
                        </Fmly>
                    </Domn>
                    <Prtry>
                        <Cd>Transfer</Cd>
                    </Prtry>
                </BkTxCd>
                <NtryDtls>
                    <TxDtls>
                        <Refs>
                            <MsgId>AUG0320212016SIN</MsgId>
                            <AcctSvcrRef>GI2121500000403</AcctSvcrRef>
                            <PmtInfId>AUG0320212016SIN1</PmtInfId>
                            <EndToEndId>AUG0320212016SIN11</EndToEndId>
                            <TxId>GI2121500000403</TxId>
                        </Refs>
                        <AmtDtls>
                            <InstdAmt>
                                <Amt Ccy="USD">2.50</Amt>
                            </InstdAmt>
                            <TxAmt>
                                <Amt Ccy="USD">2.50</Amt>
                            </TxAmt>
                        </AmtDtls>
                        <RltdPties>
                            <Dbtr>
                                <Nm>SAMPLECLIENT, INC.</Nm>
                            </Dbtr>
                            <DbtrAcct>
                                <Id>
                                    <Othr>
                                        <Id>105084986</Id>
                                    </Othr>
                                </Id>
                                <Nm>SAMPLECLIENT, INC.</Nm>
                            </DbtrAcct>
                        </RltdPties>
                        <RltdAgts>
                            <DbtrAgt>
                                <FinInstnId>
                                    <BIC>GSCRUS30</BIC>
                                </FinInstnId>
                            </DbtrAgt>
                        </RltdAgts>
                        <Purp>
                            <Prtry>Book Transfer</Prtry>
                        </Purp>
                        <RmtInf>
                            <Ustrd>USD Payment from USD account</Ustrd>
                        </RmtInf>
                    </TxDtls>
                </NtryDtls>
            </Ntry>
            <Ntry>
                <NtryRef>5433151</NtryRef>
                <Amt Ccy="USD">2.50</Amt>
                <CdtDbtInd>CRDT</CdtDbtInd>
                <RvslInd>false</RvslInd>
                <Sts>BOOK</Sts>
                <BookgDt>
                    <DtTm>2021-08-03T19:17:41.000Z</DtTm>
                </BookgDt>
                <ValDt>
                    <Dt>2021-08-03</Dt>
                </ValDt>
                <BkTxCd>
                    <Domn>
                        <Cd>PMNT</Cd>
                        <Fmly>
                            <Cd>RCDT</Cd>
                            <SubFmlyCd>BOOK</SubFmlyCd>
                        </Fmly>
                    </Domn>
                    <Prtry>
                        <Cd>Transfer</Cd>
                    </Prtry>
                </BkTxCd>
                <NtryDtls>
                    <TxDtls>
                        <Refs>
                            <MsgId>AUG0320211916SIN</MsgId>
                            <AcctSvcrRef>GI2121500000402</AcctSvcrRef>
                            <PmtInfId>AUG0320211916SIN1</PmtInfId>
                            <EndToEndId>AUG0320211916SIN11</EndToEndId>
                            <TxId>GI2121500000402</TxId>
                        </Refs>
                        <AmtDtls>
                            <InstdAmt>
                                <Amt Ccy="USD">2.50</Amt>
                            </InstdAmt>
                            <TxAmt>
                                <Amt Ccy="USD">2.50</Amt>
                            </TxAmt>
                        </AmtDtls>
                        <RltdPties>
                            <Dbtr>
                                <Nm>SAMPLECLIENT, INC.</Nm>
                            </Dbtr>
                            <DbtrAcct>
                                <Id>
                                    <Othr>
                                        <Id>105084986</Id>
                                    </Othr>
                                </Id>
                                <Nm>SAMPLECLIENT, INC.</Nm>
                            </DbtrAcct>
                        </RltdPties>
                        <RltdAgts>
                            <DbtrAgt>
                                <FinInstnId>
                                    <BIC>GSCRUS30</BIC>
                                </FinInstnId>
                            </DbtrAgt>
                        </RltdAgts>
                        <Purp>
                            <Prtry>Book Transfer</Prtry>
                        </Purp>
                        <RmtInf>
                            <Ustrd>USD Payment from USD account</Ustrd>
                        </RmtInf>
                    </TxDtls>
                </NtryDtls>
            </Ntry>
            <Ntry>
                <NtryRef>5433201</NtryRef>
                <Amt Ccy="USD">2.50</Amt>
                <CdtDbtInd>CRDT</CdtDbtInd>
                <RvslInd>false</RvslInd>
                <Sts>BOOK</Sts>
                <BookgDt>
                    <DtTm>2021-08-03T18:17:36.000Z</DtTm>
                </BookgDt>
                <ValDt>
                    <Dt>2021-08-03</Dt>
                </ValDt>
                <BkTxCd>
                    <Domn>
                        <Cd>PMNT</Cd>
                        <Fmly>
                            <Cd>RCDT</Cd>
                            <SubFmlyCd>BOOK</SubFmlyCd>
                        </Fmly>
                    </Domn>
                    <Prtry>
                        <Cd>Transfer</Cd>
                    </Prtry>
                </BkTxCd>
                <NtryDtls>
                    <TxDtls>
                        <Refs>
                            <MsgId>AUG0320211816SIN</MsgId>
                            <AcctSvcrRef>GI2121500000308</AcctSvcrRef>
                            <PmtInfId>AUG0320211816SIN1</PmtInfId>
                            <EndToEndId>AUG0320211816SIN11</EndToEndId>
                            <TxId>GI2121500000308</TxId>
                        </Refs>
                        <AmtDtls>
                            <InstdAmt>
                                <Amt Ccy="USD">2.50</Amt>
                            </InstdAmt>
                            <TxAmt>
                                <Amt Ccy="USD">2.50</Amt>
                            </TxAmt>
                        </AmtDtls>
                        <RltdPties>
                            <Dbtr>
                                <Nm>SAMPLECLIENT, INC.</Nm>
                            </Dbtr>
                            <DbtrAcct>
                                <Id>
                                    <Othr>
                                        <Id>105084986</Id>
                                    </Othr>
                                </Id>
                                <Nm>SAMPLECLIENT, INC.</Nm>
                            </DbtrAcct>
                        </RltdPties>
                        <RltdAgts>
                            <DbtrAgt>
                                <FinInstnId>
                                    <BIC>GSCRUS30</BIC>
                                </FinInstnId>
                            </DbtrAgt>
                        </RltdAgts>
                        <Purp>
                            <Prtry>Book Transfer</Prtry>
                        </Purp>
                        <RmtInf>
                            <Ustrd>USD Payment from USD account</Ustrd>
                        </RmtInf>
                    </TxDtls>
                </NtryDtls>
            </Ntry>
            <Ntry>
                <NtryRef>5433251</NtryRef>
                <Amt Ccy="USD">2.50</Amt>
                <CdtDbtInd>CRDT</CdtDbtInd>
                <RvslInd>false</RvslInd>
                <Sts>BOOK</Sts>
                <BookgDt>
                    <DtTm>2021-08-03T17:17:33.000Z</DtTm>
                </BookgDt>
                <ValDt>
                    <Dt>2021-08-03</Dt>
                </ValDt>
                <BkTxCd>
                    <Domn>
                        <Cd>PMNT</Cd>
                        <Fmly>
                            <Cd>RCDT</Cd>
                            <SubFmlyCd>BOOK</SubFmlyCd>
                        </Fmly>
                    </Domn>
                    <Prtry>
                        <Cd>Transfer</Cd>
                    </Prtry>
                </BkTxCd>
                <NtryDtls>
                    <TxDtls>
                        <Refs>
                            <MsgId>AUG0320211716SIN</MsgId>
                            <AcctSvcrRef>GI2121500000307</AcctSvcrRef>
                            <PmtInfId>AUG0320211716SIN1</PmtInfId>
                            <EndToEndId>AUG0320211716SIN11</EndToEndId>
                            <TxId>GI2121500000307</TxId>
                        </Refs>
                        <AmtDtls>
                            <InstdAmt>
                                <Amt Ccy="USD">2.50</Amt>
                            </InstdAmt>
                            <TxAmt>
                                <Amt Ccy="USD">2.50</Amt>
                            </TxAmt>
                        </AmtDtls>
                        <RltdPties>
                            <Dbtr>
                                <Nm>SAMPLECLIENT, INC.</Nm>
                            </Dbtr>
                            <DbtrAcct>
                                <Id>
                                    <Othr>
                                        <Id>105084986</Id>
                                    </Othr>
                                </Id>
                                <Nm>SAMPLECLIENT, INC.</Nm>
                            </DbtrAcct>
                        </RltdPties>
                        <RltdAgts>
                            <DbtrAgt>
                                <FinInstnId>
                                    <BIC>GSCRUS30</BIC>
                                </FinInstnId>
                            </DbtrAgt>
                        </RltdAgts>
                        <Purp>
                            <Prtry>Book Transfer</Prtry>
                        </Purp>
                        <RmtInf>
                            <Ustrd>USD Payment from USD account</Ustrd>
                        </RmtInf>
                    </TxDtls>
                </NtryDtls>
            </Ntry>
            <Ntry>
                <NtryRef>5433301</NtryRef>
                <Amt Ccy="USD">2.50</Amt>
                <CdtDbtInd>CRDT</CdtDbtInd>
                <RvslInd>false</RvslInd>
                <Sts>BOOK</Sts>
                <BookgDt>
                    <DtTm>2021-08-03T16:17:29.000Z</DtTm>
                </BookgDt>
                <ValDt>
                    <Dt>2021-08-03</Dt>
                </ValDt>
                <BkTxCd>
                    <Domn>
                        <Cd>PMNT</Cd>
                        <Fmly>
                            <Cd>RCDT</Cd>
                            <SubFmlyCd>BOOK</SubFmlyCd>
                        </Fmly>
                    </Domn>
                    <Prtry>
                        <Cd>Transfer</Cd>
                    </Prtry>
                </BkTxCd>
                <NtryDtls>
                    <TxDtls>
                        <Refs>
                            <MsgId>AUG0320211616SIN</MsgId>
                            <AcctSvcrRef>GI2121500000305</AcctSvcrRef>
                            <PmtInfId>AUG0320211616SIN1</PmtInfId>
                            <EndToEndId>AUG0320211616SIN11</EndToEndId>
                            <TxId>GI2121500000305</TxId>
                        </Refs>
                        <AmtDtls>
                            <InstdAmt>
                                <Amt Ccy="USD">2.50</Amt>
                            </InstdAmt>
                            <TxAmt>
                                <Amt Ccy="USD">2.50</Amt>
                            </TxAmt>
                        </AmtDtls>
                        <RltdPties>
                            <Dbtr>
                                <Nm>SAMPLECLIENT, INC.</Nm>
                            </Dbtr>
                            <DbtrAcct>
                                <Id>
                                    <Othr>
                                        <Id>105084986</Id>
                                    </Othr>
                                </Id>
                                <Nm>SAMPLECLIENT, INC.</Nm>
                            </DbtrAcct>
                        </RltdPties>
                        <RltdAgts>
                            <DbtrAgt>
                                <FinInstnId>
                                    <BIC>GSCRUS30</BIC>
                                </FinInstnId>
                            </DbtrAgt>
                        </RltdAgts>
                        <Purp>
                            <Prtry>Book Transfer</Prtry>
                        </Purp>
                        <RmtInf>
                            <Ustrd>USD Payment from USD account</Ustrd>
                        </RmtInf>
                    </TxDtls>
                </NtryDtls>
            </Ntry>
            <Ntry>
                <NtryRef>5433351</NtryRef>
                <Amt Ccy="USD">2.50</Amt>
                <CdtDbtInd>CRDT</CdtDbtInd>
                <RvslInd>false</RvslInd>
                <Sts>BOOK</Sts>
                <BookgDt>
                    <DtTm>2021-08-03T15:17:27.000Z</DtTm>
                </BookgDt>
                <ValDt>
                    <Dt>2021-08-03</Dt>
                </ValDt>
                <BkTxCd>
                    <Domn>
                        <Cd>PMNT</Cd>
                        <Fmly>
                            <Cd>RCDT</Cd>
                            <SubFmlyCd>BOOK</SubFmlyCd>
                        </Fmly>
                    </Domn>
                    <Prtry>
                        <Cd>Transfer</Cd>
                    </Prtry>
                </BkTxCd>
                <NtryDtls>
                    <TxDtls>
                        <Refs>
                            <MsgId>AUG0320211516SIN</MsgId>
                            <AcctSvcrRef>GI2121500000303</AcctSvcrRef>
                            <PmtInfId>AUG0320211516SIN1</PmtInfId>
                            <EndToEndId>AUG0320211516SIN11</EndToEndId>
                            <TxId>GI2121500000303</TxId>
                        </Refs>
                        <AmtDtls>
                            <InstdAmt>
                                <Amt Ccy="USD">2.50</Amt>
                            </InstdAmt>
                            <TxAmt>
                                <Amt Ccy="USD">2.50</Amt>
                            </TxAmt>
                        </AmtDtls>
                        <RltdPties>
                            <Dbtr>
                                <Nm>SAMPLECLIENT, INC.</Nm>
                            </Dbtr>
                            <DbtrAcct>
                                <Id>
                                    <Othr>
                                        <Id>105084986</Id>
                                    </Othr>
                                </Id>
                                <Nm>SAMPLECLIENT, INC.</Nm>
                            </DbtrAcct>
                        </RltdPties>
                        <RltdAgts>
                            <DbtrAgt>
                                <FinInstnId>
                                    <BIC>GSCRUS30</BIC>
                                </FinInstnId>
                            </DbtrAgt>
                        </RltdAgts>
                        <Purp>
                            <Prtry>Book Transfer</Prtry>
                        </Purp>
                        <RmtInf>
                            <Ustrd>USD Payment from USD account</Ustrd>
                        </RmtInf>
                    </TxDtls>
                </NtryDtls>
            </Ntry>
            <Ntry>
                <NtryRef>5433401</NtryRef>
                <Amt Ccy="USD">2.50</Amt>
                <CdtDbtInd>CRDT</CdtDbtInd>
                <RvslInd>false</RvslInd>
                <Sts>BOOK</Sts>
                <BookgDt>
                    <DtTm>2021-08-03T14:17:22.000Z</DtTm>
                </BookgDt>
                <ValDt>
                    <Dt>2021-08-03</Dt>
                </ValDt>
                <BkTxCd>
                    <Domn>
                        <Cd>PMNT</Cd>
                        <Fmly>
                            <Cd>RCDT</Cd>
                            <SubFmlyCd>BOOK</SubFmlyCd>
                        </Fmly>
                    </Domn>
                    <Prtry>
                        <Cd>Transfer</Cd>
                    </Prtry>
                </BkTxCd>
                <NtryDtls>
                    <TxDtls>
                        <Refs>
                            <MsgId>AUG0320211416SIN</MsgId>
                            <AcctSvcrRef>GI2121500000020</AcctSvcrRef>
                            <PmtInfId>AUG0320211416SIN1</PmtInfId>
                            <EndToEndId>AUG0320211416SIN11</EndToEndId>
                            <TxId>GI2121500000020</TxId>
                        </Refs>
                        <AmtDtls>
                            <InstdAmt>
                                <Amt Ccy="USD">2.50</Amt>
                            </InstdAmt>
                            <TxAmt>
                                <Amt Ccy="USD">2.50</Amt>
                            </TxAmt>
                        </AmtDtls>
                        <RltdPties>
                            <Dbtr>
                                <Nm>SAMPLECLIENT, INC.</Nm>
                            </Dbtr>
                            <DbtrAcct>
                                <Id>
                                    <Othr>
                                        <Id>105084986</Id>
                                    </Othr>
                                </Id>
                                <Nm>SAMPLECLIENT, INC.</Nm>
                            </DbtrAcct>
                        </RltdPties>
                        <RltdAgts>
                            <DbtrAgt>
                                <FinInstnId>
                                    <BIC>GSCRUS30</BIC>
                                </FinInstnId>
                            </DbtrAgt>
                        </RltdAgts>
                        <Purp>
                            <Prtry>Book Transfer</Prtry>
                        </Purp>
                        <RmtInf>
                            <Ustrd>USD Payment from USD account</Ustrd>
                        </RmtInf>
                    </TxDtls>
                </NtryDtls>
            </Ntry>
            <Ntry>
                <NtryRef>5433451</NtryRef>
                <Amt Ccy="USD">2.50</Amt>
                <CdtDbtInd>CRDT</CdtDbtInd>
                <RvslInd>false</RvslInd>
                <Sts>BOOK</Sts>
                <BookgDt>
                    <DtTm>2021-08-03T13:17:17.000Z</DtTm>
                </BookgDt>
                <ValDt>
                    <Dt>2021-08-03</Dt>
                </ValDt>
                <BkTxCd>
                    <Domn>
                        <Cd>PMNT</Cd>
                        <Fmly>
                            <Cd>RCDT</Cd>
                            <SubFmlyCd>BOOK</SubFmlyCd>
                        </Fmly>
                    </Domn>
                    <Prtry>
                        <Cd>Transfer</Cd>
                    </Prtry>
                </BkTxCd>
                <NtryDtls>
                    <TxDtls>
                        <Refs>
                            <MsgId>AUG0320211316SIN</MsgId>
                            <AcctSvcrRef>GI2121500000216</AcctSvcrRef>
                            <PmtInfId>AUG0320211316SIN1</PmtInfId>
                            <EndToEndId>AUG0320211316SIN11</EndToEndId>
                            <TxId>GI2121500000216</TxId>
                        </Refs>
                        <AmtDtls>
                            <InstdAmt>
                                <Amt Ccy="USD">2.50</Amt>
                            </InstdAmt>
                            <TxAmt>
                                <Amt Ccy="USD">2.50</Amt>
                            </TxAmt>
                        </AmtDtls>
                        <RltdPties>
                            <Dbtr>
                                <Nm>SAMPLECLIENT, INC.</Nm>
                            </Dbtr>
                            <DbtrAcct>
                                <Id>
                                    <Othr>
                                        <Id>105084986</Id>
                                    </Othr>
                                </Id>
                                <Nm>SAMPLECLIENT, INC.</Nm>
                            </DbtrAcct>
                        </RltdPties>
                        <RltdAgts>
                            <DbtrAgt>
                                <FinInstnId>
                                    <BIC>GSCRUS30</BIC>
                                </FinInstnId>
                            </DbtrAgt>
                        </RltdAgts>
                        <Purp>
                            <Prtry>Book Transfer</Prtry>
                        </Purp>
                        <RmtInf>
                            <Ustrd>USD Payment from USD account</Ustrd>
                        </RmtInf>
                    </TxDtls>
                </NtryDtls>
            </Ntry>
        </Stmt>
        <Stmt>
            <Id>15111150</Id>
            <ElctrncSeqNb>5</ElctrncSeqNb>
            <LglSeqNb>5</LglSeqNb>
            <CreDtTm>2021-08-04T04:09:11.917Z</CreDtTm>
            <FrToDt>
                <FrDtTm>2021-08-03T00:00:00.000Z</FrDtTm>
                <ToDtTm>2021-08-03T23:59:59.000Z</ToDtTm>
            </FrToDt>
            <Acct>
                <Id>
                    <Othr>
                        <Id>101152931</Id>
                    </Othr>
                </Id>
                <Tp>
                    <Prtry>IBDA_DDA</Prtry>
                </Tp>
                <Ccy>USD</Ccy>
                <Nm>SC Beneficiaries Incoming Clearing Account</Nm>
                <Svcr>
                    <FinInstnId>
                        <BIC>GSCRUS30</BIC>
                        <Nm>Goldman Sachs Bank</Nm>
                    </FinInstnId>
                </Svcr>
            </Acct>
            <Bal>
                <Tp>
                    <CdOrPrtry>
                        <Cd>OPBD</Cd>
                    </CdOrPrtry>
                </Tp>
                <Amt Ccy="USD">987718.00</Amt>
                <CdtDbtInd>CRDT</CdtDbtInd>
                <Dt>
                    <DtTm>2021-08-02T23:59:00.000Z</DtTm>
                </Dt>
            </Bal>
            <Bal>
                <Tp>
                    <CdOrPrtry>
                        <Cd>CLBD</Cd>
                    </CdOrPrtry>
                </Tp>
                <Amt Ccy="USD">987697.21</Amt>
                <CdtDbtInd>CRDT</CdtDbtInd>
                <Dt>
                    <DtTm>2021-08-03T23:59:00.000Z</DtTm>
                </Dt>
            </Bal>
            <TxsSummry>
                <TtlNtries>
                    <NbOfNtries>2</NbOfNtries>
                    <Sum>52.8100</Sum>
                    <TtlNetNtryAmt>20.7900</TtlNetNtryAmt>
                    <CdtDbtInd>DBIT</CdtDbtInd>
                </TtlNtries>
                <TtlCdtNtries>
                    <NbOfNtries>1</NbOfNtries>
                    <Sum>16.0100</Sum>
                </TtlCdtNtries>
                <TtlDbtNtries>
                    <NbOfNtries>1</NbOfNtries>
                    <Sum>36.8000</Sum>
                </TtlDbtNtries>
            </TxsSummry>
            <Ntry>
                <NtryRef>5433501</NtryRef>
                <Amt Ccy="USD">16.01</Amt>
                <CdtDbtInd>CRDT</CdtDbtInd>
                <RvslInd>false</RvslInd>
                <Sts>BOOK</Sts>
                <BookgDt>
                    <DtTm>2021-08-03T11:19:06.000Z</DtTm>
                </BookgDt>
                <ValDt>
                    <Dt>2021-08-03</Dt>
                </ValDt>
                <BkTxCd>
                    <Domn>
                        <Cd>PMNT</Cd>
                        <Fmly>
                            <Cd>RCDT</Cd>
                            <SubFmlyCd>BOOK</SubFmlyCd>
                        </Fmly>
                    </Domn>
                    <Prtry>
                        <Cd>Transfer</Cd>
                    </Prtry>
                </BkTxCd>
                <NtryDtls>
                    <TxDtls>
                        <Refs>
                            <MsgId>GSWJ73SVQBR</MsgId>
                            <AcctSvcrRef>GI2121500000214</AcctSvcrRef>
                            <PmtInfId>testAM-6901</PmtInfId>
                            <EndToEndId>GSBDCNBJVB0MEK</EndToEndId>
                            <TxId>GI2121500000214</TxId>
                        </Refs>
                        <AmtDtls>
                            <InstdAmt>
                                <Amt Ccy="USD">16.01</Amt>
                            </InstdAmt>
                            <TxAmt>
                                <Amt Ccy="USD">16.01</Amt>
                            </TxAmt>
                        </AmtDtls>
                        <RltdPties>
                            <Dbtr>
                                <Nm>SAMPLECLIENT, INC.</Nm>
                            </Dbtr>
                            <DbtrAcct>
                                <Id>
                                    <Othr>
                                        <Id>105084986</Id>
                                    </Othr>
                                </Id>
                                <Nm>SAMPLECLIENT, INC.</Nm>
                            </DbtrAcct>
                        </RltdPties>
                        <RltdAgts>
                            <DbtrAgt>
                                <FinInstnId>
                                    <BIC>GSCRUS30</BIC>
                                </FinInstnId>
                            </DbtrAgt>
                        </RltdAgts>
                        <Purp>
                            <Prtry>Book Transfer</Prtry>
                        </Purp>
                        <RmtInf>
                            <Ustrd>air001 Book Transfer</Ustrd>
                        </RmtInf>
                    </TxDtls>
                </NtryDtls>
            </Ntry>
            <Ntry>
                <NtryRef>5433551</NtryRef>
                <Amt Ccy="USD">36.80</Amt>
                <CdtDbtInd>DBIT</CdtDbtInd>
                <RvslInd>false</RvslInd>
                <Sts>BOOK</Sts>
                <BookgDt>
                    <DtTm>2021-08-03T05:05:01.000Z</DtTm>
                </BookgDt>
                <ValDt>
                    <Dt>2021-08-03</Dt>
                </ValDt>
                <BkTxCd>
                    <Domn>
                        <Cd>PMNT</Cd>
                        <Fmly>
                            <Cd>ICDT</Cd>
                            <SubFmlyCd>ACDT</SubFmlyCd>
                        </Fmly>
                    </Domn>
                    <Prtry>
                        <Cd>ACH Credit Payment</Cd>
                    </Prtry>
                </BkTxCd>
                <NtryDtls>
                    <TxDtls>
                        <Refs>
                            <MsgId>GSFCY3XIA1XR</MsgId>
                            <AcctSvcrRef>GPB2121501121577</AcctSvcrRef>
                            <PmtInfId>WB/GS/Msg002/WB01002</PmtInfId>
                            <TxId>GPB2121501121577</TxId>
                        </Refs>
                        <AmtDtls>
                            <InstdAmt>
                                <Amt Ccy="USD">36.80</Amt>
                            </InstdAmt>
                            <TxAmt>
                                <Amt Ccy="USD">36.80</Amt>
                            </TxAmt>
                        </AmtDtls>
                        <RltdPties/>
                        <Purp>
                            <Prtry>HSA-FUND</Prtry>
                        </Purp>
                        <AddtlTxInf>SEC Code: CCD</AddtlTxInf>
                    </TxDtls>
                </NtryDtls>
            </Ntry>
        </Stmt>      
    </BkToCstmrStmt>
</Document>